
@book{RolandSiegwart+IllanNourbakhsh,
	author={R. Siewárt and I. Nourbakhsh},
	title={Introduction to Autonomous Mobile Robots},
	publisher={The MIT Press},
	year={2004},
	address={London, England},
}

@book{BrunoSiciliano+OussamaKhatib,
	author	=	{Bruno Siciliano and Oussama Khatib},
	title		=	{ Springér Handbook of Robotics},
	publisher=	{Springer},
	year		=	{2008},
	address	=	{California, USA},
}

@book{Canudas+Siciliano+Bastin,
	author	=	{Carlos Canudas de Wit and Bruno Siciliano and Georges Bastin},
	title		=	{Theory of Robot Control},
	publisher=	{Springer-Verlag},
	year		=	{1996},
	address	=	{London, England},
}

@ARTICLE{GuyCampion+GeorgesBastin+BrigitteDAndrea,
  AUTHOR 	=	{Guy Campion and Georges Bastin and Brigitte D’Andréa-Novel},
  TITLE 		=  {Structural Properties and Classification of Kinematic and Dynamic Models of Wheeled Mobile Robots},
  JOURNAL 	=	{IEEE Transactions on Robotics and Automation},
  YEAR 		=	{1996},
  volume 	=	{},
  number 	=	{},
  pages 		=	{},
}

@ARTICLE{Borenstein+Everett+Feng+Wehe,
  AUTHOR 	=	{J. Borenstein and H. R. Everett and L. Feng and D. Wehe},
  TITLE 		=	{Mobile Robot Positioning - Sensors and Techniques},
  JOURNAL 	=	{Journal of Robotic Systems},
  YEAR 		=	{},
  volume 	=	{},
  number 	=	{},
  pages 		=	{},
}

@ARTICLE{WoongKwon+Kyung+ShikRoh+Hak-KyungSung,
  AUTHOR 	=	{Woong Kwon and Kyung-Shik Roh and Hak-Kyung Sung},
  TITLE 		=	{Particle Filter-based Heading Estimation using Magnetic Compasses for Mobile Robot Navigation},
  JOURNAL 	=	{IEEE International Conference on Robotics and Automation},
  YEAR 		=	{2006},
  volume 	=	{},
  number 	=	{},
  pages 		= 	{},
}

@ARTICLE{Huang+Ishikawa+Ebana+Li+Zhao,
  AUTHOR 	=	{Jie Huang and Satoshi Ishikawa and Michiko Ebana and Huakang Li and Qunfei Zhao},
  TITLE 		=	{Robot Position Identification by Actively Sound Beacons},
  JOURNAL 	=	{Instruments and Measurement Technology Conference},
  YEAR 		=	{2006},
  volume 	=	{},
  number 	=	{},
  pages 		=	{},
}

@ARTICLE{Seung-Hun+Chi-Won+Sung-Chul+Min-Yong,
  AUTHOR =       {Seung-Hun Kim and Chi-Won Roh and Sung-Chul Kang and Min-Yong Park},
  TITLE =        {Outdoor Navigation of a Mobile Robot Using Differential GPS and Curb Detection},
  JOURNAL =      {IEEE International Conference on Robotics and Automation},
  YEAR =         {2007},
  volume =       {},
  number =       {},
  pages =        {},
}

@ARTICLE{SunSinHan+DeokKwonKim+JangMyungLee,
  AUTHOR =       {Sun Sin Han and DeokKwon Kim and Jang Myung Lee},
  TITLE =        {New Tag Arrangement Pattern for a Differential Driving Mobile Robot Based on RFID System},
  JOURNAL =      {International Conference on Control, Automation and Systemsn},
  YEAR =         {2007},
  volume =       {},
  number =       {},
  pages =        {},
}

@ARTICLE{RuiLin+MaohaiLi+LiningSun,
  AUTHOR =       {Rui Lin, Maohai Li and Lining Sun},
  TITLE =        {Image Features-Based Mobile Robot Visual SLAM},
  JOURNAL =      {IEEE International Conference on Robotics and Biomimetics (ROBIO)},
  YEAR =         {2013},
  volume =       {},
  number =       {},
  pages =        {},
}

@ARTICLE{HanchingGrantWang+ThomasC.Williams,
  AUTHOR =       {Hanching Grant Wang and Thomas C. Williams},
  TITLE =        {Strategic Inertial Navigation Systems},
  JOURNAL =      {IEEE Control Systems Magazine},
  YEAR =         {2008},
  volume =       {},
  number =       {},
  pages =        {},
}

@ARTICLE{DanielTazartes,
  AUTHOR =       {Daniel Tazartes},
  TITLE =        {An Historical Perspective on Inertial Navigation Systems},
  JOURNAL =      {Advanced Technology Northrop Grumman Woodland Hills},
  YEAR =         {2014},
  volume =       {},
  number =       {},
  pages =        {},
}

@ARTICLE{JohannBorenstein,
  AUTHOR =       {Johann Borenstein},
  TITLE =        {Experimental Evaluation of a Fiber Optics Gyroscopes for Improving Dead-reckoning Accuracy in Mobile Robots},
  JOURNAL =      {International Organization of Standarization},
  YEAR =         {1991},
  volume =       {},
  number =       {},
  pages =        {},
}

@ARTICLE{AndreasHuster+EricW.Frew+Stephen+M.+Rock,
  AUTHOR =       {Andreas Huster and Eric W. Frew and Stephen M. Rock},
  TITLE =        {Relative Position Estimation for AWs by Fusing Bearing and Inertial Rate Sensor Measurements},
  JOURNAL =      {IEEE},
  YEAR =         {2002},
  volume =       {},
  number =       {},
  pages =        {},
}

@ARTICLE{JohannBorenstein+JohnEvans,
  AUTHOR =       {Johann Borenstein and John Evans},
  TITLE =        {The OmniMate Mobile Robot - Design, Implementation, and Experimental Results},
  JOURNAL =      {IEEE International Conference on Robotics and Automation},
  YEAR =         {1997},
  volume =       {},
  number =       {},
  pages =        {},
}

@ARTICLE{EvangelosPapadopoulos+MichaelMisailidis,
  AUTHOR =       {Evangelos Papadopoulos and Michael Misailidis},
  TITLE =        {On Differential Drive Robot Odometry with Application to Path Planning},
  JOURNAL =      {European Control Conference},
  YEAR =         {2007},
  volume =       {},
  number =       {},
  pages =        {},
}

@ARTICLE{Mondal+Youngmok+WanKyun,
  AUTHOR =       {Sharifuddin Mondal and Youngmok Yun and Wan Kyun Chung},
  TITLE =        {Terminal Iterative Learning Control for Calibrating Systematic Odometry Errors in Mobile Robots},
  JOURNAL =      {IEEE/ASME International Conference on Advanced Intelligent Mechatronics},
  YEAR =         {2010},
  volume =       {},
  number =       {},
  pages =        {},
}

@ARTICLE{Chugo+Kawabata+Kaetsu+Jia+Asama+Mishima+Takase,
  AUTHOR =       {Daisuke Chugo1 and Kuniaki Kawabata and Hayato Kaetsu and Songmin Jia and Hajime Asama and Taketoshi Mishima and Kunikatsu Takase},
  TITLE =        {3D Odometry based on Body Configuration},
  JOURNAL =      {SICE Annual Conference},
  YEAR =         {2008},
  volume =       {},
  number =       {},
  pages =        {},
}

@ARTICLE{Guerrero+Villarreal+Sanchez+Ramirez+Martinez,
  AUTHOR 	=  {J. F. Guerrero-Castellanos, M. G. Villarreal-Cervantes, J. P. Sánchez-Santana y S. Ramírez-Martínez},
  TITLE 		=  {Seguimiento de Trayectorias de un Robot Móvil (3,0) mediante control acotado},
  JOURNAL 	=  {Revista Iberoamericana de Automática e Informática industrial},
  YEAR 		=  {2014},
  volume 	=  {},
  number 	=  {},
  pages 		=	{},
}

@ARTICLE{AndreasHuster+E78ricW.Frew+Stephen+M.+Rock,
  AUTHOR 	=	{Andreas Huster, Eric W. Frew and Stephen M. Rock},
  TITLE 		=  {Relative Position Estimation for AWs by Fusing Bearing and Inertial Rate Sensor Measurements},
  JOURNAL 	=  {IEEE},
  YEAR 		=  {2002},
  volume 	=  {},
  number 	=  {},
  pages 		=  {},
}

@ARTICLE{AlvaradoJuares+PonceLeon+VillarrealCervantes+SepulvedaCervantes,
  AUTHOR 	=	{D. A. Alvarado-Juarez and G. A. Ponce-de-León-Zarate and M. G. Villarreal-Cervantes and G. Sepúlveda-Cervantes},
  TITLE 		=  {Sistema de locaclizacion absoluta mediante odmetría para un robot móvil (3,0)},
  JOURNAL	=  {5th International Supercomputing Conferece},
  YEAR 		=  {2014},
  volume 	=  {},
  number 	=  {},
  pages 		= 	{},
}

@MastersThesis{JPSanchezSantana,
author 		= 	{J. P. Sánchez Santana},
title 		= 	{Control de un robot móvil mediante localización absoluta},
school 		= 	{CINVESTAV-IPN},
year 			= 	{2016},
}

@ARTICLE{Ford,
  AUTHOR 	=	{W. E. Ford},
  TITLE 		=  {What is an open architecture robot controller?},
  JOURNAL 	=  {IEEE International Symposium on Intelligent Control},
  YEAR 		=  {1994},
  volume 	=  {},
  number 	=  {},
  pages 		=  {},
}

@ARTICLE{Hassan+Anwer+Khattak+Yoon,
  AUTHOR =       {S. Hassan and N. Anwer and Z. Khattak and J. Yoon},
  TITLE =        {Open architecture dynamic manipulator design philosophy},
  JOURNAL =      {Robotics and Computer-Integrated Manufacturing},
  YEAR =         {2010},
  volume =       {},
  number =       {},
  pages =        {},
}

@ARTICLE{Villarreal+DelaCruz+Pantoja+Sepulveda,
  AUTHOR =       {M. G. Villarreal-Cervantes and D. De-La-Cruz-Muciño and J. S. Pantoja-García and G. Sepúlveda-Cervantes},
  TITLE =        {Arquitectura de control abierta basado en PC para sistemas mecatrónicos},
  JOURNAL =      {Polibits},
  YEAR =         {2016},
  volume =       {},
  number =       {},
  pages =        {},
}

@book{R.Kelly,
	author=		{R. Kelly and V. S. Davila and J. Perez},
	title=		{Introduction to Autonomous Mobile Robots},
	publisher=	{Springer},
	year=			{2005},
	address=		{London, England},
}

@ARTICLE{Cruz+Portilla+Silva,
  AUTHOR =       {A. Cruz-Contreras and E. A. Portilla-Flores and R. Silva-Ortigoza},
  TITLE =        {Multiplicador Eléctronico para Encoder Incremental},
  JOURNAL =      {Polibits},
  YEAR =         {2008},
  volume =       {},
  number =       {},
  pages =        {},
}

@book{ShannonSimulacion1988,
	author=		{R.E. Shannon},
	title=		{Simulacion de Sistemas: Diseño, Desarrollo e Implementación},
	publisher=	{Trillas},
	year=			{1988},
	address=		{},
}

@ARTICLE{SanchezCrist+PortillaFlores+SuarezNino,
  AUTHOR =       {A.F. Sanchez-Cristo and E. A. Portilla-Flores and P. A. Suarez-Niño},
  TITLE =        {Diseño Mecatrónico de un Robot Manipulador Móvil},
  JOURNAL =      {10mo Congreso Nacional de Mecatrónica},
  YEAR =         {},
  volume =       {},
  number =       {},
  pages =        {},
}


@ARTICLE{guerreros+villarreal-2014,
  AUTHOR =       {J.F. Guerrero-Castellanos and M. G. Villarreal-Cervantes and J. P. Sánchez-Santana and S. Ramírez-Martínez},
  TITLE =        {Seguimiento de trayectorias de un robot móvil (3,0) mediante control acotado},
  JOURNAL =      {Revista Iberoamericana de Automática e Informática industrial},
  YEAR =         {2014},
  volume =       {},
  number =       {},
  pages =        {426--434},
}

@ARTICLE{villarreal-2014,
  AUTHOR =       {M. G. Villarreal-Cervantes},
  TITLE =        {Control PID robusto de un robot manipulador con base en un problema de optimización dinámica},
  JOURNAL =      {Memorias del XVI Congreso Latinoamericano de Control automático},
  YEAR =         {2014},
  volume =       {},
  number =       {},
  pages =        {1428--1443},
}


@ARTICLE{villarreal+pantoja-2014,
  AUTHOR =       {M. G. Villarreal-Cervantes, Jesús Said Pantoja García,},
  TITLE =        {Análisis comparativo entre un control heurístico y un PID para un sistema mecatrónico},
  JOURNAL =      {3th International Supercomputing Conference},
  YEAR =         {2012},
  volume =       {},
  number =       {},
  pages =        {},
}
	
@Book{iso-9283,
	ALTauthor	=	{International Organization of Standarization},
	title 		=	{Manipulating Industial Robots-Performance Criteria and Related Test Methods (ISO-9283:1991)},
	publisher 	= 	{International Organization of Standarization},
	year 			= 	{1991},
}
